<?xml version="1.0" encoding="UTF-8"?><collection xmlns="http://www.loc.gov/MARC21/slim"><record><leader>00584nam--2200193-i-4500</leader><controlfield tag="001">000022276</controlfield><controlfield tag="002">20161230</controlfield><controlfield tag="005">20161230201034</controlfield><controlfield tag="008">060222s1000------------r-----000-0-eng-d</controlfield><datafield ind1=" " ind2=" " tag="040"><subfield code="a">IFIN-HH</subfield></datafield><datafield ind1=" " ind2=" " tag="080"><subfield code="a">539.171</subfield></datafield><datafield ind1="1" ind2=" " tag="100"><subfield code="a">Hanson, A.O</subfield></datafield><datafield ind1="1" ind2="0" tag="245"><subfield code="a">Monoenergetic neutons from charged particle reactions</subfield><subfield code="b">Nuclear science series</subfield><subfield code="c">A.o. hanson, r.f. taschek</subfield></datafield><datafield ind1=" " ind2=" " tag="260"><subfield code="a">Washington</subfield><subfield code="b">National Research Council</subfield><subfield code="c">F.A</subfield></datafield><datafield ind1=" " ind2=" " tag="300"><subfield code="a">27P</subfield></datafield><datafield ind1=" " ind2=" " tag="490"><subfield code="a">Nuclear Science Series</subfield><subfield code="v">Preliminary Report No. 4</subfield></datafield><datafield ind1="1" ind2=" " tag="700"><subfield code="a">Taschek, R.F</subfield></datafield><datafield ind1=" " ind2=" " tag="852"><subfield code="a">13144</subfield><subfield code="c">539</subfield></datafield><datafield ind1=" " ind2=" " tag="CAT"><subfield code="a">Sys</subfield><subfield code="c">20110926</subfield><subfield code="h">111503</subfield></datafield></record></collection>